[gd_scene load_steps=7 format=2]

[ext_resource path="res://Scripts/MainMenu.gd" type="Script" id=1]
[ext_resource path="res://Assets/logo.png" type="Texture" id=2]
[ext_resource path="res://Buttons/MenuButton.tscn" type="PackedScene" id=3]
[ext_resource path="res://Assets/temple.png" type="Texture" id=4]
[ext_resource path="res://Fixedsys16.tres" type="DynamicFont" id=5]
[ext_resource path="res://Scenes/FadeIn.tscn" type="PackedScene" id=6]

[node name="MainMenu" type="Control"]
anchor_right = 1.0
anchor_bottom = 1.0
grow_horizontal = 0
grow_vertical = 0
size_flags_horizontal = 3
size_flags_vertical = 3
script = ExtResource( 1 )

[node name="Background" type="ColorRect" parent="."]
anchor_left = 1.0
anchor_top = 1.0
anchor_right = 1.0
anchor_bottom = 1.0
margin_left = -1916.0
margin_top = -1096.0
color = Color( 0.756863, 0.756863, 0.756863, 1 )

[node name="Menu" type="VBoxContainer" parent="."]
margin_left = 60.0
margin_top = 30.0
margin_right = 1880.0
margin_bottom = 1050.0

[node name="Logo" type="TextureRect" parent="Menu"]
margin_right = 1820.0
margin_bottom = 63.0
texture = ExtResource( 2 )
stretch_mode = 6

[node name="CenterRow" type="HBoxContainer" parent="Menu"]
margin_top = 67.0
margin_right = 1820.0
margin_bottom = 767.0
size_flags_vertical = 3

[node name="Buttons" type="VBoxContainer" parent="Menu/CenterRow"]
margin_right = 830.0
margin_bottom = 700.0
size_flags_horizontal = 3
size_flags_vertical = 3

[node name="NewGame" parent="Menu/CenterRow/Buttons" instance=ExtResource( 3 )]
margin_right = 830.0
scene_to_load = "res://Scenes/WeaponChoice.tscn"

[node name="ButtonLabel" parent="Menu/CenterRow/Buttons/NewGame" index="0"]
margin_right = 280.0
margin_bottom = 72.0

[node name="ContinueGame" parent="Menu/CenterRow/Buttons" instance=ExtResource( 3 )]
margin_top = 64.0
margin_right = 830.0
margin_bottom = 124.0
scene_to_load = "res://Scenes/ContinueScreen.tscn"

[node name="ButtonLabel" parent="Menu/CenterRow/Buttons/ContinueGame" index="0"]
text = "Continue Game"

[node name="Quit" parent="Menu/CenterRow/Buttons" instance=ExtResource( 3 )]
margin_top = 128.0
margin_right = 830.0
margin_bottom = 188.0

[node name="ButtonLabel" parent="Menu/CenterRow/Buttons/Quit" index="0"]
text = "Quit"

[node name="CenterContainer" type="CenterContainer" parent="Menu/CenterRow"]
margin_left = 834.0
margin_right = 1820.0
margin_bottom = 700.0
size_flags_horizontal = 3
size_flags_vertical = 3

[node name="FunImage" type="TextureRect" parent="Menu/CenterRow/CenterContainer"]
margin_right = 986.0
margin_bottom = 700.0
texture = ExtResource( 4 )

[node name="VersionLabel" type="Label" parent="Menu"]
margin_top = 771.0
margin_right = 1820.0
margin_bottom = 1020.0
size_flags_horizontal = 3
size_flags_vertical = 3
custom_fonts/font = ExtResource( 5 )
custom_colors/font_color = Color( 0, 0, 0, 1 )
text = "Druid Run v0.0.1 Initial Commit
This is not intended for outside viewing, playtesting, or judgement."

[node name="FadeIn" parent="." instance=ExtResource( 6 )]
visible = false
[connection signal="fade_finished" from="FadeIn" to="." method="_on_FadeIn_fade_finished"]

[editable path="Menu/CenterRow/Buttons/NewGame"]

[editable path="Menu/CenterRow/Buttons/ContinueGame"]

[editable path="Menu/CenterRow/Buttons/Quit"]
