[gd_scene load_steps=16 format=2]

[ext_resource path="res://Scenes/Contraptions/ShootingEmplacementBase.gd" type="Script" id=1]
[ext_resource path="res://Assets/Tiles/Crossbow/VerticalDown/Frame001.png" type="Texture" id=2]
[ext_resource path="res://Assets/Tiles/Crossbow/VerticalDown/Frame002.png" type="Texture" id=3]
[ext_resource path="res://Assets/Tiles/Crossbow/VerticalDown/Frame003.png" type="Texture" id=4]
[ext_resource path="res://Assets/Tiles/Crossbow/Horizontal/Frame001.png" type="Texture" id=5]
[ext_resource path="res://Assets/Tiles/Crossbow/Horizontal/Frame002.png" type="Texture" id=6]
[ext_resource path="res://Assets/Tiles/Crossbow/Horizontal/Frame003.png" type="Texture" id=7]
[ext_resource path="res://Assets/Tiles/Crossbow/VerticalUp/Frame001.png" type="Texture" id=8]
[ext_resource path="res://Assets/Tiles/Crossbow/VerticalUp/Frame002.png" type="Texture" id=9]
[ext_resource path="res://Assets/Tiles/Crossbow/VerticalUp/Frame003.png" type="Texture" id=10]
[ext_resource path="res://Assets/Tiles/Crossbow/Horizontal_Right/Frame001.png" type="Texture" id=11]
[ext_resource path="res://Assets/Tiles/Crossbow/Horizontal_Right/Frame002.png" type="Texture" id=12]
[ext_resource path="res://Assets/Tiles/Crossbow/Horizontal_Right/Frame003.png" type="Texture" id=13]

[sub_resource type="SpriteFrames" id=1]
animations = [ {
"frames": [ ExtResource( 2 ), ExtResource( 3 ), ExtResource( 4 ) ],
"loop": true,
"name": "Vertical_Down",
"speed": 5.0
}, {
"frames": [ ExtResource( 11 ), ExtResource( 12 ), ExtResource( 13 ) ],
"loop": true,
"name": "Horizontal_Right",
"speed": 5.0
}, {
"frames": [ ExtResource( 5 ), ExtResource( 6 ), ExtResource( 7 ) ],
"loop": true,
"name": "Horizontal",
"speed": 5.0
}, {
"frames": [ ExtResource( 8 ), ExtResource( 9 ), ExtResource( 10 ) ],
"loop": true,
"name": "Vertical",
"speed": 5.0
} ]

[sub_resource type="RectangleShape2D" id=2]
extents = Vector2( 39.5158, 38.1453 )

[node name="Crossbow" type="Area2D" groups=[
"emplacement",
]]
script = ExtResource( 1 )
shot_delay = 3.0
projectile_speed = 1500
projectile_name = "Arrow"

[node name="AnimatedSprite" type="AnimatedSprite" parent="."]
scale = Vector2( 4, 4 )
frames = SubResource( 1 )
animation = "Horizontal"

[node name="CollisionShape2D" type="CollisionShape2D" parent="."]
shape = SubResource( 2 )
