[gd_scene load_steps=61 format=2]

[ext_resource path="res://Scenes/Contraptions/Fan.gd" type="Script" id=1]
[ext_resource path="res://Scenes/Contraptions/Fan.tres" type="SpriteFrames" id=2]
[ext_resource path="res://Assets/Tiles/Fan/frame_0.png" type="Texture" id=3]
[ext_resource path="res://Assets/Tiles/Fan/frame_1.png" type="Texture" id=4]
[ext_resource path="res://Assets/Tiles/Fan/frame_2.png" type="Texture" id=5]
[ext_resource path="res://Assets/Tiles/Fan/frame_3.png" type="Texture" id=6]
[ext_resource path="res://Assets/Tiles/Fan/frame_4.png" type="Texture" id=7]
[ext_resource path="res://Assets/Tiles/Fan/frame_5.png" type="Texture" id=8]
[ext_resource path="res://Assets/Tiles/Fan/frame_6.png" type="Texture" id=9]
[ext_resource path="res://Assets/Tiles/Fan/frame_7.png" type="Texture" id=10]
[ext_resource path="res://Assets/Tiles/Fan/frame_8.png" type="Texture" id=11]
[ext_resource path="res://Assets/Tiles/Fan/frame_9.png" type="Texture" id=12]
[ext_resource path="res://Assets/Tiles/Fan/frame_10.png" type="Texture" id=13]
[ext_resource path="res://Assets/Tiles/Fan/frame_11.png" type="Texture" id=14]
[ext_resource path="res://Assets/Tiles/Fan/frame_12.png" type="Texture" id=15]
[ext_resource path="res://Assets/Tiles/Fan/frame_13.png" type="Texture" id=16]
[ext_resource path="res://Assets/Tiles/Fan/frame_14.png" type="Texture" id=17]
[ext_resource path="res://Assets/Tiles/Fan/frame_15.png" type="Texture" id=18]
[ext_resource path="res://Assets/Tiles/Fan/frame_16.png" type="Texture" id=19]
[ext_resource path="res://Assets/Tiles/Fan/frame_17.png" type="Texture" id=20]
[ext_resource path="res://Assets/Tiles/Fan/frame_18.png" type="Texture" id=21]
[ext_resource path="res://Assets/Tiles/Fan/frame_19.png" type="Texture" id=22]
[ext_resource path="res://Assets/Tiles/Fan/frame_20.png" type="Texture" id=23]
[ext_resource path="res://Assets/Tiles/Fan/frame_21.png" type="Texture" id=24]
[ext_resource path="res://Assets/Tiles/Fan/frame_22.png" type="Texture" id=25]
[ext_resource path="res://Assets/Tiles/Fan/frame_23.png" type="Texture" id=26]
[ext_resource path="res://Assets/Tiles/Fan/frame_24.png" type="Texture" id=27]
[ext_resource path="res://Assets/Tiles/Fan/frame_25.png" type="Texture" id=28]
[ext_resource path="res://Assets/Tiles/Fan/frame_26.png" type="Texture" id=29]
[ext_resource path="res://Assets/Tiles/Fan/frame_27.png" type="Texture" id=30]
[ext_resource path="res://Assets/Tiles/Fan/frame_28.png" type="Texture" id=31]
[ext_resource path="res://Assets/Tiles/Fan/frame_29.png" type="Texture" id=32]
[ext_resource path="res://Assets/Tiles/Fan/frame_30.png" type="Texture" id=33]
[ext_resource path="res://Assets/Tiles/Fan/frame_31.png" type="Texture" id=34]
[ext_resource path="res://Assets/Tiles/Fan/frame_32.png" type="Texture" id=35]
[ext_resource path="res://Assets/Tiles/Fan/frame_33.png" type="Texture" id=36]
[ext_resource path="res://Assets/Tiles/Fan/frame_34.png" type="Texture" id=37]
[ext_resource path="res://Assets/Tiles/Fan/frame_35.png" type="Texture" id=38]
[ext_resource path="res://Assets/Tiles/Fan/frame_36.png" type="Texture" id=39]
[ext_resource path="res://Assets/Tiles/Fan/frame_37.png" type="Texture" id=40]
[ext_resource path="res://Assets/Tiles/Fan/frame_38.png" type="Texture" id=41]
[ext_resource path="res://Assets/Tiles/Fan/frame_39.png" type="Texture" id=42]
[ext_resource path="res://Assets/Tiles/Fan/frame_40.png" type="Texture" id=43]
[ext_resource path="res://Assets/Tiles/Fan/frame_41.png" type="Texture" id=44]
[ext_resource path="res://Assets/Tiles/Fan/frame_42.png" type="Texture" id=45]
[ext_resource path="res://Assets/Tiles/Fan/frame_43.png" type="Texture" id=46]
[ext_resource path="res://Assets/Tiles/Fan/frame_44.png" type="Texture" id=47]
[ext_resource path="res://Assets/Tiles/Fan/frame_45.png" type="Texture" id=48]
[ext_resource path="res://Assets/Tiles/Fan/frame_46.png" type="Texture" id=49]
[ext_resource path="res://Assets/Tiles/Fan/frame_47.png" type="Texture" id=50]
[ext_resource path="res://Assets/Tiles/Fan/frame_48.png" type="Texture" id=51]
[ext_resource path="res://Assets/Tiles/Fan/frame_49.png" type="Texture" id=52]
[ext_resource path="res://Assets/Tiles/Fan/frame_50.png" type="Texture" id=53]
[ext_resource path="res://Assets/Tiles/Fan/frame_51.png" type="Texture" id=54]
[ext_resource path="res://Assets/Tiles/Fan/frame_52.png" type="Texture" id=55]
[ext_resource path="res://Assets/Tiles/Fan/frame_53.png" type="Texture" id=56]
[ext_resource path="res://Assets/Tiles/Fan/frame_54.png" type="Texture" id=57]

[sub_resource type="SpriteFrames" id=1]
animations = [ {
"frames": [ ExtResource( 3 ), ExtResource( 4 ), ExtResource( 5 ), ExtResource( 6 ), ExtResource( 7 ), ExtResource( 8 ), ExtResource( 9 ), ExtResource( 10 ), ExtResource( 11 ), ExtResource( 12 ), ExtResource( 13 ), ExtResource( 14 ), ExtResource( 15 ), ExtResource( 16 ), ExtResource( 17 ), ExtResource( 18 ), ExtResource( 19 ), ExtResource( 20 ), ExtResource( 21 ), ExtResource( 22 ), ExtResource( 23 ), ExtResource( 24 ), ExtResource( 25 ), ExtResource( 26 ), ExtResource( 27 ), ExtResource( 28 ), ExtResource( 29 ), ExtResource( 30 ), ExtResource( 31 ), ExtResource( 32 ), ExtResource( 33 ), ExtResource( 34 ), ExtResource( 35 ), ExtResource( 36 ), ExtResource( 37 ), ExtResource( 38 ), ExtResource( 39 ), ExtResource( 40 ), ExtResource( 41 ), ExtResource( 42 ), ExtResource( 43 ), ExtResource( 44 ), ExtResource( 45 ), ExtResource( 46 ), ExtResource( 47 ), ExtResource( 48 ), ExtResource( 49 ), ExtResource( 50 ), ExtResource( 51 ), ExtResource( 52 ), ExtResource( 53 ), ExtResource( 54 ), ExtResource( 55 ), ExtResource( 56 ), ExtResource( 57 ) ],
"loop": true,
"name": "default",
"speed": 40.0
} ]

[sub_resource type="RectangleShape2D" id=2]
extents = Vector2( 17.5, 7 )

[sub_resource type="RectangleShape2D" id=3]
extents = Vector2( 43, 43 )

[node name="Fan" type="Area2D" groups=[
"destructable",
"emplacement",
]]
script = ExtResource( 1 )
fan_strength = 80
fan_throw = 700

[node name="AnimatedSprite" type="AnimatedSprite" parent="."]
scale = Vector2( 4, 4 )
frames = ExtResource( 2 )
animation = "Horizontal"
playing = true

[node name="AirAnimation" type="AnimatedSprite" parent="."]
position = Vector2( -103, 7 )
scale = Vector2( 4, 4 )
frames = SubResource( 1 )
offset = Vector2( 0.5, -1.5 )
flip_h = true

[node name="Air" type="Area2D" parent="AirAnimation"]
position = Vector2( -12, -8.75 )

[node name="CollisionShape2D" type="CollisionShape2D" parent="AirAnimation/Air"]
position = Vector2( 16.75, 6 )
shape = SubResource( 2 )

[node name="CollisionShape2D" type="CollisionShape2D" parent="."]
position = Vector2( -4, -1 )
shape = SubResource( 3 )

[connection signal="body_entered" from="AirAnimation/Air" to="." method="_on_Area2D_body_entered"]
[connection signal="body_exited" from="AirAnimation/Air" to="." method="_on_Area2D_body_exited"]
