[gd_scene load_steps=10 format=2]

[ext_resource path="res://Scenes/Contraptions/TeleporterBase.gd" type="Script" id=1]
[ext_resource path="res://Assets/Tiles/TeleporterRed/Frame001.png" type="Texture" id=2]
[ext_resource path="res://Assets/Tiles/TeleporterRed/Frame002.png" type="Texture" id=3]
[ext_resource path="res://Assets/Tiles/TeleporterRed/Frame003.png" type="Texture" id=4]
[ext_resource path="res://Assets/Tiles/TeleporterRed/Frame004.png" type="Texture" id=5]
[ext_resource path="res://Assets/Tiles/TeleporterRed/Frame005.png" type="Texture" id=6]
[ext_resource path="res://Assets/Tiles/Lightmap2.png" type="Texture" id=7]

[sub_resource type="SpriteFrames" id=1]
animations = [ {
"frames": [ ExtResource( 2 ), ExtResource( 3 ), ExtResource( 4 ), ExtResource( 5 ), ExtResource( 6 ) ],
"loop": true,
"name": "Vertical_Down",
"speed": 5.0
}, {
"frames": [ ExtResource( 2 ), ExtResource( 3 ), ExtResource( 4 ), ExtResource( 5 ), ExtResource( 6 ) ],
"loop": true,
"name": "Horizontal_Right",
"speed": 5.0
}, {
"frames": [ ExtResource( 2 ), ExtResource( 3 ), ExtResource( 4 ), ExtResource( 5 ), ExtResource( 6 ) ],
"loop": true,
"name": "Horizontal",
"speed": 5.0
}, {
"frames": [ ExtResource( 2 ), ExtResource( 3 ), ExtResource( 4 ), ExtResource( 5 ), ExtResource( 6 ) ],
"loop": true,
"name": "Vertical",
"speed": 5.0
} ]

[sub_resource type="RectangleShape2D" id=2]
extents = Vector2( 39.8586, 50 )

[node name="TeleporterRed" type="Area2D" groups=[
"red",
]]
script = ExtResource( 1 )
teleport_delay = 2000
id = "red"

[node name="AnimatedSprite" type="AnimatedSprite" parent="." groups=[
"emplacement",
]]
scale = Vector2( 4, 4 )
frames = SubResource( 1 )
animation = "Horizontal"
frame = 2
playing = true

[node name="CollisionShape2D" type="CollisionShape2D" parent="."]
position = Vector2( 0, 6 )
shape = SubResource( 2 )

[node name="Light2D" type="Light2D" parent="."]
scale = Vector2( 2, 2 )
texture = ExtResource( 7 )
color = Color( 0.988235, 0.258824, 0.258824, 1 )
energy = 1.5

[connection signal="body_entered" from="." to="." method="_on_TeleporterBlue_body_entered"]
